@INPROCEEDINGS{6615528, 
author={Studnia and Nicomette and Alata and Deswarte and Kaâniche and Laarouchi}, 
title={Survey on security threats and protection mechanisms in embedded automotive networks}, 
year={2013}, 
volume={}, 
number={}, 
keywords={LAN interconnection;automobile manufacture;automotive electronics;computer network security;controller area networks;embedded systems;protocols;wireless LAN;3G;Bluetooth;ECU;USB;WiFi;car architecture;communication ability;cyber attacks;electronic controls units;embedded automotive networks;embedded electronic components;gateways;global internal network;protection mechanisms;protocols;security solutions;security threats;wired interface;wireless interface;Computer hacking;Distributed databases;Monitoring;Probes;Terrorism;Vehicles}, 
ISSN={2325-6648}, 
month={June},}

@misc{API,
	title = {{API Definition}},
    note = {on-line at: \url{https://techterms.com/definition/api}},
    author = {Christensson, Per., TechTerms},
    year = {2016}
}

@misc{DOS,
	title = {{Denial of Service Definition}},
    note = {on-line at: \url{https://techterms.com/definition/denial_of_service}},
    author = {Christensson, Per., TechTerms},
    year = {2011}
}

@misc{EPROM,
	title = {{PROM Definition}},
    note = {on-line at: \url{https://techterms.com/definition/prom
}},
    author = {Christensson, Per., TechTerms},
    year = {2011}
}

@article{security1,
	author = {Wolf and Weimerskirch and Paar},
	year = {2018},
	title = {Security in automotive bus systems}
}

@InProceedings{security2,
	author="Hoppe and Kiltz and Dittmann",
	title="Automotive IT-Security as a Challenge: Basic Attacks from the Black Box Perspective on the Example of Privacy Threats",
	year="2009"
}

@misc{CRC,
	title = {{Cyclic Redundancy Check}},
    note = {on-line at: \url{https://en.wikipedia.org/wiki/Cyclic_redundancy_check}},
    author = {Wikipedia},
    year = {2018}
}

@article{security3,
	author = {Hoppe and Tobias and Dittman},
	year = {2007},
	title = {Sniffing/replay attacks on can buses: A simulated attack on the electric window lift classified using an adapted cert taxonomy},
}

@INPROCEEDINGS{5504804, 
	author={Koscher and Czeskis and Roesner and Patel and Kohno and Checkoway and McCoy and Kantor and Anderson and Shacham and Savage}, 
	title={Experimental Security Analysis of a Modern Automobile}, 
	year={2010}, 
	volume={}, 
	number={}, 
	keywords={Automobiles;Automotive engineering;Computer networks;Computerized monitoring;Control systems;Pervasive computing;Roads;Safety;Security;Testing;Automobiles;communication standards;communication system security;computer security;data buses}, 
	ISSN={1081-6011}, 
	month={May}
}

@inproceedings{Checkoway,
 author = {Checkoway and McCoy and Kantor and Anderson and Shacham and Savage and Koscher and Czeskis and Roesner and Kohno},
 title = {Comprehensive Experimental Analyses of Automotive Attack Surfaces},
 year = {2011},
} 

@INPROCEEDINGS{6463997, 
author={Moalla and Labiod and Lonc and Simoni}, 
title={Risk analysis study of ITS communication architecture}, 
year={2012}, 
volume={}, 
number={}, 
keywords={automated highways;cooperative communication;mobility management (mobile radio);risk analysis;telecommunication security;vehicular ad hoc networks;ETSI threat analysis methodology;Europe;ITS communication architecture;cooperative system;intelligent transportation system;risk analysis study;security attack;transportation safety system;vehicular communication;Ad hoc networks;Europe;Protocols;Risk analysis;Security;Telecommunication standards;Vehicles;Communication architecture;ETSI;ITS;Threats;risk analysis}, 
ISSN={}, 
month={Nov},}

@Article{Wolf2007,
author="Wolf and Weimerskirch and Wollinger",
title="State of the Art: Embedding Security in Vehicles",
year="2007",
month="Jun",
issn="1687-3963",
}

@book{Padgette,
 author = {Padgette, John and Scarfone, Karen and Chen, Lily},
 title = {Guide to Bluetooth Security: Recommendations of the National Institute of Standards and Technology (Special Publication 800-121 Revision 1)},
 year = {2012},
} 

@ARTICLE{SEVECOM, 
author={Kargl and Papadimitratos and Buttyan and Müter and Schoch and Wiedersheim and Thong and Calandriello and Held and Kung and Hubaux}, 
title={Secure vehicular communication systems: implementation, performance, and research challenges}, 
year={2008}, 
keywords={data privacy;mobile radio;European SeVe-Com project;open security research;privacy protection;secure vehicular communication system;Communication system security;Data security;Hardware;Information security;Information technology;Performance analysis;Privacy;Remotely operated vehicles;Vehicle safety;Virtual colonoscopy}, 
ISSN={0163-6804}, 
month={November},}

@misc{PRESERVE,
	title = {{About Preserve project}},
    note = {on-line at: \url{https://www.preserve-project.eu/}},
    author = {Preserve project},
    year = {2018}
}

@article{EVITA,
author = {Henniger and Ruddle and Seudié and Weyl and Wolf and Wollinger},
year = {2009},
pages = {},
title = {Securing vehicular on-board IT systems: the EVITA project}
}

@InProceedings{LibraCan,
author="Groza
and Murvay
and van Herrewege
and Verbauwhede",
title="LiBrA-CAN: A Lightweight Broadcast Authentication Protocol for Controller Area Networks",
year="2012",
}



@misc{viseujednom,
	title = {{Automotive Buses}},
    note = {on-line at: \url{http://www.interfacebus.com/Design_Connector_Automotive.html}},
    author = {Interfacebus},
    year = {2018}
}

@misc{AB,
	title = {{A better design experience. A more dynamic automotive experience. ADI's $A^{2}B$ technology delivers both}},
    note = {on-line at: \url{http://www.analog.com/en/landing-pages/001/a2b.html}},
    author = {Analog Devices},
    year = {2018}
}

@misc{OBD,
	title = {{On-board diagnostics}},
    note = {on-line at: \url{https://en.wikipedia.org/wiki/On-board_diagnostics}},
    author = {Wikipedia},
    year = {2018}
}

@misc{ECU,
	title = {{Engine control unit}},
    note = {on-line at: \url{https://en.wikipedia.org/wiki/Engine_control_unit}},
    author = {Wikipedia},
    year = {2018}
}

@misc{TCU,
	title = {{Transmission control unit}},
    note = {on-line at: \url{https://en.wikipedia.org/wiki/Transmission_control_unit}},
    author = {Wikipedia},
    year = {2018}
}

@misc{ABS,
	title = {{Anti-lock braking system}},
    note = {on-line at: \url{https://en.wikipedia.org/wiki/Anti-lock_braking_system}},
    author = {Wikipedia},
    year = {2018}
}

@misc{BCM,
	title = {{Body control module}},
    note = {on-line at: \url{https://en.wikipedia.org/wiki/Body_control_module}},
    author = {Wikipedia},
    year = {2018}
}

@misc{VB,
	title = {{Vehicle bus}},
    note = {on-line at: \url{https://en.wikipedia.org/wiki/Vehicle_bus}},
    author = {Wikipedia},
    year = {2018}
}


@misc{HIW,
	title = {{How it works: The computer inside your car}},
    note = {on-line at: \url{https://www.popularmechanics.com/cars/how-to/a7386/how-it-works-the-computer-inside-your-car/}},
    author = {Ben Wojdyla},
    year = {2012}
}